<record><leader>00000cas a22000007  4500</leader><controlfield tag="001">6865876</controlfield><controlfield tag="008">801027c19739999vaucn ne      0   a0eng d</controlfield><datafield ind1=" " ind2=" " tag="010"><subfield code="a">sn2002061972</subfield></datafield><datafield ind1=" " ind2=" " tag="040"><subfield code="a">VPI</subfield><subfield code="b">eng</subfield><subfield code="c">VPI</subfield><subfield code="d">VPI</subfield><subfield code="d">OCL</subfield><subfield code="d">NVK</subfield><subfield code="d">TJC</subfield><subfield code="d">OCLCF</subfield><subfield code="d">OCLCO</subfield><subfield code="d">OCLCA</subfield></datafield><datafield ind1="1" ind2=" " tag="029"><subfield code="a">AU@</subfield><subfield code="b">000023525822</subfield></datafield><datafield ind1=" " ind2=" " tag="042"><subfield code="a">msc</subfield></datafield><datafield ind1=" " ind2=" " tag="043"><subfield code="a">n-us-va</subfield></datafield><datafield ind1=" " ind2=" " tag="090"><subfield code="a">LD5655.V8</subfield><subfield code="b">V5</subfield></datafield><datafield ind1="0" ind2="0" tag="245"><subfield code="a">Collegiate times.</subfield></datafield><datafield ind1=" " ind2=" " tag="260"><subfield code="a">Blacksburg, Va. :</subfield><subfield code="b">Virginia Polytechnic Institute and State University,</subfield><subfield code="c">1973-</subfield></datafield><datafield ind1=" " ind2=" " tag="300"><subfield code="a">v.</subfield><subfield code="b">ill.</subfield><subfield code="c">60 cm.</subfield></datafield><datafield ind1=" " ind2=" " tag="310"><subfield code="a">Semiweekly during academic year</subfield><subfield code="b">Oct. 1975-</subfield></datafield><datafield ind1=" " ind2=" " tag="321"><subfield code="a">Weekly during academic year</subfield><subfield code="b">Oct. 1973-Sept. 1975</subfield></datafield><datafield ind1="0" ind2=" " tag="362"><subfield code="a">Vol. 70, no. 2 (Oct. 5, 1973)-</subfield></datafield><datafield ind1=" " ind2=" " tag="500"><subfield code="a">"Virginia Tech's student newspaper."</subfield></datafield><datafield ind1=" " ind2=" " tag="525"><subfield code="a">Some years include a special April Fool's parody issue entitled: Collegiate slime.</subfield></datafield><datafield ind1="2" ind2="0" tag="610"><subfield code="a">Virginia Polytechnic Institute and State University</subfield><subfield code="v">Newspapers.</subfield></datafield><datafield ind1=" " ind2="0" tag="651"><subfield code="a">Blacksburg (Va.)</subfield><subfield code="v">Newspapers.</subfield></datafield><datafield ind1=" " ind2="7" tag="655"><subfield code="a">Newspapers.</subfield><subfield code="2">fast</subfield><subfield code="0">(OCoLC)fst01423814</subfield></datafield><datafield ind1="2" ind2="7" tag="610"><subfield code="a">Virginia Polytechnic Institute and State University.</subfield><subfield code="2">fast</subfield><subfield code="0">(OCoLC)fst00549617</subfield></datafield><datafield ind1=" " ind2="7" tag="651"><subfield code="a">Virginia</subfield><subfield code="z">Blacksburg.</subfield><subfield code="2">fast</subfield><subfield code="0">(OCoLC)fst01204779</subfield></datafield><datafield ind1="2" ind2=" " tag="710"><subfield code="a">Virginia Polytechnic Institute and State University.</subfield></datafield><datafield ind1="0" ind2=" " tag="740"><subfield code="a">Collegiate slime.</subfield></datafield><datafield ind1=" " ind2=" " tag="752"><subfield code="a">United States</subfield><subfield code="b">Virginia</subfield><subfield code="c">Montgomery</subfield><subfield code="d">Blacksburg.</subfield></datafield><datafield ind1="0" ind2="0" tag="780"><subfield code="t">Virginia Tech collegiate times</subfield><subfield code="w">(OCoLC)6883948</subfield></datafield></record>